@BOOK{Smith:2012qr,
	title = {{B}ook {T}itle},
	publisher = {Publisher},
	author = {Smith, J.~M. and Jones, A.~B.},
	year = {2012},
	edition = {7th},
}

@ARTICLE{Smith:2013jd,
	author = {Jones, A.~B. and Smith, J.~M.},
	title = {{A}rticle {T}itle},
	journal = {Journal title},
	year = {2013},
	volume = {13},
	pages = {123-456},
	number = {52},
	month = {March},
	publisher = {Publisher}
}

@ARTICLE{Bahl:2000INFO,
	author = {P.Bahl, V.N. Padmanabhan},
	title = {Radar: An in-building RF-Based User Location and Tracking System.},
	journal = {INFOCOM},
	year = {2000},
	volume = {2},
	pages = {775-784},
	number = {52},
	month = {March},
	publisher = {IEEE}
}